% Dissertation References %
@article{abadie.17,
	Author = {Abadie, A. and S. Athey and G. Imbens and J. Wooldridge},
	Year = {2017},
	Title = {When Should You Adjust Standard Errors for Clustering?},
    Journal = {NBER Working Paper Series},
    Volume = {},
    Number = {},
	Pages = {}
    }
@Report{ADS15,
	Author = "{Agricultural Development Strategy}",
	Year = {2015},
	Title = {Agricultural Development Strategy (ADS) 2015 to 2035},
    Address = {Government of Nepal, Ministry of Agricultural Development},
    }
@article{aflagah-et.al.19,
	Author = {Aflagah, F. and T. Bernard, and A. Viceisza},
	Year = {2019},
	Title = {Cheap Talk and Coordination in the Lab and in the Field: Collective Commercialization in Senegal},
    Journal = {NBER Working Paper Series},
    Volume = {},
    Number = {},
	Pages = {}
    }    
@article{aker10,
	Author = {Aker, J.},
	Year = {2010},
	Title = {Information from Markets Near and Far: Mobile Phones and Agricultural Markets in Niger},
    Journal = {American Economic Journal: Applied Economics},
    Volume = {2},
    Number = {3},
	Pages = {46-59}
    }
@article{aker-ksoll16,
	Author = {Aker, J. and C. Ksoll},
	Year = {2016},
	Title = {Can Mobile Phones Improve Agricultural Outcomes? Evidence from a Randomized Experiment in Niger},
    Journal = {Food Policy},
    Volume = {60},
    Number = {1},
	Pages = {45-51}
    }
@article{aker-et.al.16,
	Author = {Aker, J., and Ghosh, I., and Burrell, J.},
	Year = {2016},
	Title = {The promise (and pitfalls) of ICT for agriculture initiatives},
    Journal = {Agricultural Economics},
    Volume = {47},
    Number = {},
	Pages = {35-48}
    }
@article{anderson08,
	Author = {Anderson, M.},
	Year = {2008},
	Title = {Multiple Inference and Gender Differences in the Effects of Early Intervention: A Reevaluation of the Abecedarian, Perry Preschool, and Early Training Projects},
    Journal = {Journal of the American Statistical Association},
    Volume = {103},
    Number = {484},
	Pages = {1481-1495}
    }
@report{ashby-et.al.09,
	Author = {Ashby, J., and Hartl, M., and Lambrou, Y., and Larson, G., and Lubbock, E., and Pehu, E., and Ragasa, C.},
	Year = {2009},
	Title = {Investing in Women as Drivers of Agricultural Growth},
    Type = {Gender in Agriculture},
    Institution = {The World Bank, Washington D.C.},
    Number = {},
	Pages = {}
    }
@inbook{athey-imbens17,
    Author = {S. Athey, and G. Imbens},
	Year = {2017},
	Booktitle = {Handbook of Economic Field Experiments},
	Chapter = {The Econometrics of Randomized Experiments},
	Editors = {Banerjee A., and Duflo E.},
	Pages = {328-385}
}
@article{barrett.08,
	Author = {Barrett, C.},
	Year = {2008},
	Title = {Smallholder Market Participation: Concepts and Evidence from Eastern and Southern Africa},
    Journal = {Food Policy},
    Volume = {33},
    Number = {},
	Pages = {299-317}
    }
@article{benjamini.06,
	Author = {Benjamini, Y., and Krieger, A., and Yekutieli, D.},
	Year = {2006},
	Title = {Adaptive Linear Step-Up Procedures That Control the False Discovery Rate},
    Journal = {Biometrika},
    Volume = {93},
    Number = {},
	Pages = {491-507}
    }
@article{bernard-spielman09,
	Author = {Bernard, T., and Spielman, D.},
	Year = {2009},
	Title = {Reaching the rural poor through rural producer organizations? A study of agricultural marketing cooperatives in Ethiopia},
    Journal = {Food Policy},
    Volume = {34},
    Number = {},
	Pages = {60-69}
    }
@article{blinder73,
	Author = {Blinder, A. S.},
	Year = {1973},
	Title = {Wage Discrimination: Reduced Form and Structural Estimates.},
    Journal = {The Journal of Human Resources},
    Volume = {8},
    Number = {},
	Pages = {436-455}
    }    
@report{braverman-et.al.91,
	Author = {Braverman, A., and Guasch, J., and Huppi, M., and Pohlmeier, L.},
	Year = {1991},
	Title = {Promoting Rural Cooperatives in Developing Countries: The Case of Sub-Saharan Africa},
    Type = {World Bank Discussion Papers, No. 121},
    Institution = {The World Bank, Washington D.C.},
    Number = {},
	Pages = {}
    }
@article{cabanillas-et.al.18,
	Author = {Barriga Cabanillas, O., and Michler, J. D., and Michuda, A., and Tjernström, E.},
	Year = {2018},
	Title = {Fitting and Interpreting Correlated Random Coefficient Models in Stata},
    Journal = {The Stata Journal},
    Volume = {18},
    Number = {1},
	Pages = {159-173}
    }       
@report{camacho-conover11,
	Author = {Camacho, A. and E. Conover},
	Year = {2011},
	Title = {The Impact of Receiving Price and Climate Information in the Agricultural Sector},
    Type = {Working paper, Washington, D.C.},
    Institution = {Inter-American Development Bank},
    Number = {},
	Pages = {}
    }
@article{carniero-et.al.15,
	Author = {Carniero, P., and K. T. Hansen, and J. J. Heckman},
	Year = {2003},
	Title = {2001 Lawrence R. Klein Lecture Estimating Distributions of Treatment Effects with an Application to the Returns to Schooling and Measurement of the Effects of Uncertainty on College Choice},
    Journal = {International Economic Review},
    Volume = {44},
    Number = {2},
	Pages = {361-422}
    }    
@article{casaburi-macchiavello15,
	Author = {Casaburi, L. and R. Macchiavello},
	Year = {2015},
	Title = {Loyalty, Exit, and Enforcement: Evidence from a Kenya Dairy Cooperative},
    Journal = {American Economic Review: Papers \& Proceedings},
    Volume = {105},
    Number = {5},
	Pages = {286-290}
    }
@inbook{chamberlin84,
    Author = {Chamberlin, G.},
	Year = {1984},
	Booktitle = {Handbook of Econometrics},
	Chapter = {Panel Data},
	Editors = {Z. Griliches, and M. Intriligator},
	Address = {Amsterdam: North-Holland},
	Pages = {161-184}
    }    
@article{chen.16,
	Author = {Chen, T. and C. Guestrin},
	Year = {2016},
	Title = {Xgboost: A Scalable Tree Boosting System},
    Journal = {arXiv},
    Volume = {},
    Number = {},
	Pages = {},
	Note = {}
    }
@article{Chernozhukov-et.al.18,
	Author = {Chernozhukov, V. and M. Demirer and E. Duflo and I. Fernández-Val},
	Year = {2018},
	Title = {Generic Machine Learning Inference on Heterogeneous Treatment Effects in Randomized Experiments},
    Journal = {NBER Working Paper Series},
    Volume = {},
    Number = {},
	Pages = {}
    }
@report{choudhary-et.al.11,
	Author = {D. Choudhary, and B. Pandit, and G. Kinhal, and M. Kollmair},
	Year = {2011},
	Title = {Pro-Poor Value Chain Development for High Value Products in Mountain Regions: Indian Bay Leaf},
    Type = {},
    Institution = {ICIMOD, Kathmandu, Nepal},
    Number = {},
	Pages = {}
    }
@unpublished{cole-fernando12,
	Author = {Cole, S. and A. Fernando},
	Year = {2012},
	Title = {The Value of Advice: Evidence from Mobile Phone-Based Agricultural Extension},
    Journal = {Unpublished manuscript, Harvard Business School},
    Volume = {},
    Number = {},
	Pages = {}
    }
@article{curtois-subervie14,
	Author = {Curtois, P. and J. Subervie},
	Year = {2014},
	Title = {Farmer Bargaining Power and Market Information Services},
    Journal = {American Journal of Agricultural Economics},
    Volume = {97},
    Number = {3},
	Pages = {953-977}
    }
@article{deacon-et.al.13,
	Author = {Deacon, R. and P. Dominic and C. Costello},
	Year = {2013},
	Title = {Reforming Fisheries: Lessons from a Self-Selected Cooperative},
    Journal = {Journal of Law and Economics},
    Volume = {56},
    Number = {},
	Pages = {83-124}
    }
@article{eitzinger-et.al.19,
	Author = {Eitzinger, A. and J. Cock, and K. Atzmanstorfer, and C. Binder, and P. Läderach, and O. Bonilla-Findji, and M. Bartling, and C. Mwongera, and L. Zurita, and A. Jarvis},
	Year = {2019},
	Title = {GeoFarmer: A monitoring and feedback system for agricultural development T projects},
    Journal = {Computers and Electronics in Agriculture},
    Volume = {158},
    Number = {},
	Pages = {109-121}
    }
@article{fafchamps-minten12,
	Author = {Fafchamps, M., and B. Minten},
	Year = {2012},
	Title = {Impact of SMS-Based Agricultural Information on Indian Farmers},
    Journal = {World Bank Economic Review},
    Volume = {26},
    Number = {3},
	Pages = {383-414}
    }
@article{farrell-et.al.19,
	Author = {Farrell, D., and F. Greig, and A. Hamoudi},
	Year = {2019},
	Title = {The Evolution of the Online Platform Economy: Evidence from Five Years of Banking Data},
    Journal = {AEA Papers and Proceedings},
    Volume = {109},
    Number = {},
	Pages = {362-366}
    }
@article{feder-et.al.85,
	Author = {Feder, G., and E. Just, and D. Zilberman},
	Year = {1985},
	Title = {Adoption of Agricultural Innovations in Developing Countries: A Survey},
    Journal = {Economic Development and Cultural Change},
    Volume = {33},
    Number = {2},
	Pages = {255}
    }        
@article{fisher-qaim12,
	Author = {Fischer, E., and M. Qaim},
	Year = {2012},
	Title = {Linking Smallholders to Markets: Determinants and Impacts of Farmer Collective Action in Kenya},
    Journal = {World Development},
    Volume = {40},
    Number = {6},
	Pages = {1255-1268}
    }
@inbook{fortin-et.al.11,
    Author = {N. Fortin, and T. Lemieux, and S. Firpo},
	Year = {2011},
	Booktitle = {Handbook of Labor Economics},
	Volume = {4a}
	Chapter = {Decomposition Methods in Economics},
	Editors = {O. Ashenfelter, and D. Card},
	Publisher = {Amsterdam: Elsevier},
	Pages = {}
}    
@book{fugile-et.al.19,
    author = {K. Fuglie, and M. Gautam, and A. Goyal, and W. F. Maloney},
    title = {Harvesting Prosperity: Technology and Productivity Growth in Agriculture},
    publisher = {The World Bank},
    year = {2019},
    doi = {10.1596/978-1-4648-1393-1},
    address = {},
    edition   = {}
}    
@article{futch-mcintosh09,
	Author = {Futch, M., and C. McIntosh},
	Year = {2009},
	Title = {Tracking the Introduction of the Village Phone Product in Rwanda},
    Journal = {Information Technologies & International Development},
    Volume = {5},
    Number = {3},
	Pages = {54-81}
    }
@misc{gallup-18,
	Institution = {Gallup},
	Year = {2018},
	Title = {Gallup World Poll},
    Type = {Data set},
    Note = {\url{https://www.gallup.com/analytics/232838/world-poll.aspx}}
    }
@article{gurung-et.al.15,
	Author = {M. Gurung, and U. Partap, and D. Choudhary},
	Year = {2015},
	Title = {Empowering Mountain Women through Community-Based High Value Product Value Chain Promotion in Nepal},
    Journal = {International Journal of Agricultural Resources, Governance and Ecology},
    Volume = {11},
    Number = {3-4},
	Pages = {}
    }    
@misc{HI-N12,
	Author = "{Heifer International Nepal}",
	Year = {2012},
	Title = {A Study on Goat Value Chain in Nepal},
    Address = {Kathmandu, Nepal: Heifer International Nepal},
    }
@report{ILO16,
	Author = "{International Labor Organization}",
	Year = {2016},
	Title = {The ILO in Nepal},
    Type = {},
    Institution = {International Labor Organization},
    Number = {},
	Pages = {}
    }
@Article{imbensmanski2004,
  author  = {Guido Imbens and Charles Manski},
  title   = {Confidence Intervals for Partially Identified Parameters},
  journal = {Econometrica},
  year    = {2004},
  volume  = {72},
  number  = {6},
  pages   = {1845-1857},
}
@book{james13,
	Author = {James, G. and Witte, D. and Hastie, T. and Tibshirani, R.},
	Year = {2013},
	Title = {An Introduction to Statistical Learning},
    Type = {},
    Publisher = {Springer},
    Number = {},
    Address = {New York},
	Pages = {}
    }
@article{janzen-et.al.18,
	Author = {Janzen, S. and N. Magnan and S. Sharma and W. Thompson},
	Year = {2018},
	Title = {Short-Term Impacts of a Pay-it-Forward Livestock Transfer and Training Program in Nepal},
    Journal = {AEA Papers and Proceedings},
    Number = {108},
    Pages = {422-425}
    }    
@misc{janzen16-1,
	Author = {Janzen, S. and N. Magnan and R. Meinzen-Dick and R. Pradhan and S. Sharma },
	Year = {2016},
	Title = {Evaluation of the Welfare Impacts of a Livestock Transfer Program in Nepal},
    Type = {Data set},
    Note = {\url{http://basis.ucdavis.edu/2014/07/09/evaluation-of-the-welfare-impacts-of-a-livestock-transfer- program-in-nepal/}}
    }
@article{jensen07,
	Author = {Jensen, R.},
	Year = {2007},
	Title = {The Digital Provide: Information (Technology), Market Performance, and Welfare in the South Indian Fisheries Sector},
    Journal = {Quarterly Journal of Economics},
    Volume = {122},
    Number = {3},
	Pages = {879-924}
    }
@report{karia-Ashby00,
	Author = {Karia, S., and Ashby, J.},
	Year = {2000},
	Title = {An Approach to Technological Innovation that Benefits Rural Women: The Resource-to-Consumption System},
    Type = {Working Document},
    Institution = {CGIAR Systemwide Program on Participatory Research and Gender Analysis},
    Number = {},
	Pages = {}
    }
@article{key.et.al.00,
	Author = {Key, N., and Sadoulet, E., and de Janvry, A.},
	Year = {2000},
	Title = {Transaction Costs and Agricultural Household Supply Response},
    Journal = {American Journal of Agricultural Economics},
    Volume = {82},
    Number = {},
	Pages = {245-259}
    }
@inbook{kristjanson-et.al.14,
    Author = {P. Kristjanson, and A. Waters-Bayer, and N. Johnson, and A. Tipilda, and J. Njuki, and I. Baltenweck, and D. Grace, and S. MacMillan},
	Year = {2014},
	Booktitle = {Gender in Agriculture},
	Chapter = {Livestock and Women’s Livelihoods},
	Editors = {Quisumbing A., and Meinzen-Dick R., and Raney T., and Croppenstedt A., and Behrman J., and Peterman A.},
	Pages = {}
}
@article{lajaaj.17,
	Author = {Lajaaj, R.},
	Year = {2017},
	Title = {Endogenous Time Horizon and Behavioral Poverty Trap: Theory and Evidence from Mozambique},
    Journal = {Journal of Development Economics},
    Volume = {29},
    Number = {},
	Pages = {187-208}
    }
@article{lee2009,
    author  = {David Lee},
    title   = {Training, Wages, and Sample Selection: Estimating Sharp Bounds on Treatment Effects},
    journal = {The Review of Economic Studies},
    year    = {2009},
    volume  = {76},
    number  = {3},
    pages   = {1071-1102},
}
@article{lemueux.98,
	Author = {Lemieux, T.},
	Year = {1998},
	Title = {Estimating the Effects of Unions on Wage Inequality in a Panel Data Model with Comparative Advantage and Nonrandom Selection},
    Journal = {Journal of Labor Economics},
    Volume = {16},
    Number = {2},
	Pages = {261–291}
    }
@article{lynch.17,
	Author = {Lynch, G. and Guo, W. and Sarkar, S. and Finner, H.},
	Year = {2017},
	Title = {The Control of the False Discovery Rate in Fixed Sequence Multiple Testing},
    Journal = {Electronic Journal of Statistics},
    Volume = {11},
    Number = {},
	Pages = {4649-4673}
    }    
@article{mackinnon-white.85,
	Author = {MacKinnon, J., and H. White},
	Year = {1985},
	Title = {Some Heteroskedasticity-Consistent Covariance Matrix Estimators with Improved Finite Sample Properties},
    Journal = {Journal of Econometrics},
    Volume = {29},
    Number = {},
	Pages = {305-325}
    }
@article{markelova-et.al.09,
	Author = {Markelova, H., and Meinzen-Dick, R., and Hellin, J., and Dohrn, S.},
	Year = {2009},
	Title = {Collective Action for Smallholder Market Access},
    Journal = {Food Policy},
    Volume = {34},
    Number = {},
	Pages = {1-7}
    }
@article{michler-et.al.18,
	Author = {Michler, J. D., and Tjernström, E., and Verkaart, S., and Mausch, K.},
	Year = {2018},
	Title = {Money Matters: The Role of Yields and Profits in Agricultural Technology Adoption},
    Journal = {American Journal of Agricultural Economics},
    Volume = {101},
    Number = {3},
	Pages = {710-731}
    }    
@article{mujawamariya-et.al.13,
	Author = {Mujawamariya, G., and D’Haese, M., and Speelman, S.},
	Year = {2013},
	Title = {Exploring double side-selling in cooperatives, case study of four coffee cooperatives in Rwanda},
    Journal = {Food Policy},
    Volume = {39},
    Number = {},
	Pages = {72-83}
    }
@unpublished{mullally19,
	Author = {Mullally, C., and Rivas, M., and McArthur, T.},
	Year = {2019},
	Title = {All They Are Cracked Up to Be? The Impact of Chicken Transfers in Guatemala},
    Type = {Unpublished manuscript},
    Institution = {},
    Number = {},
	Pages = {}
    }    
@book{munger18,
    Author = {Munger, M.},
	Year = {2018},
	Title = {Tomorrow 3.0: Transaction Costs and the Sharing Economy},
    Publisher = {Cambridge University Press}
}
@article{muto-yamano09,
	Author = {Muto, M., and T. Yamano},
	Year = {2009},
	Title = {The Impact of Mobile Phone Coverage Expansion on Market Participation: Panel Data Evidence from Uganda},
    Journal = {World Development},
    Volume = {37},
    Number = {12},
	Pages = {1887-1896}
    }
@unpublished{nakasone13,
	Author = {Nakasone, E.},
	Year = {2013},
	Title = {The Role of Price Information in Agricultural Markets: Experimental Evidence from Rural Peru},
    Type = {Unpublished manuscript},
    Institution = {University of Maryland},
    Number = {},
	Pages = {}
    }
@article{narrod-et.al.09,
	Author = {Narrod, C., and D. Roy, and J. Okello, and B. Avendaño, and K. Rich, and A. Thorat},
	Year = {2009},
	Title = {Public-Private Partnerships and Collective Action in High Value Fruit and Vegetable Supply Chains},
    Journal = {Food Policy},
    Volume = {34},
    Number = {},
	Pages = {8-15}
    }    
@report{NTA19,
	Author = "{Nepal Telecommunications Authority}",
	Year = {2019},
	Title = {Management Information System},
    Type = {},
    Volume = {172},
    Number = {124}
    }
@article{nepali-et.al.07,
	Author = {Nepali, M., and M. Tiwari, and S. Sapkota, and H. Poudel, and B. Acharya, and S. Gautam},
	Year = {2007},
	Title = {Marketing Constraints to Goats in the Western Hills of Nepal},
	Journal = {Nepali Agricultural Research Journal},
	Volume = {8},
	Number = {1},
	Pages = {95-102}
    }
@misc{nepalitelecom18,
	Author = "{NepaliTelecom}",
	Year = {2019},
	Title = {Smartphone penetration in Nepal and the impact},
    Note = {\url{https://www.nepalitelecom.com/2018/03/smartphone-penetration-nepal-and-the-impact.html}},
    }
@article{njuki-et.al.11,
	Author = {J. Njuki, and S. Kaariab, and A. Chamunorwac, and W. Chiurid},
	Year = {2011},
	Title = {Linking Smallholder Farmers to Markets, Gender and Intra-Household Dynamics: Does the Choice of Commodity Matter?},
    Journal = {European Journal of Development Research},
    Volume = {},
    Number = {},
	Pages = {1-18}
    }
@article{oaxaca73,
	Author = {Oaxaca, R.},
	Year = {1973},
	Title = {Male Female Wage Differentials in Urban Labor Markets},
	Journal = {International Economic Review},
	Volume = {14},
	Number = {},
	Pages = {693-709}
    }
@article{olken15,
	Author = {Olken, Benjamin, A.},
	Year = {2015},
	Title = {Promises and Perils of Pre-Analysis Plans},
	Journal = {Journal of Economic Perspectives},
	Volume = {29},
	Number = {3},
	Pages = {61-80}
    }
@report{pew18,
	Author = "{Pew Research Center}",
	Year = {2018},
	Title = {Smartphone Ownership is Growing Rapidly around the World, but Not Always Equally},
    Type = {},
    Institution = {},
    Number = {},
	Pages = {}
    }
@report{poole-defrece10,
	Author = {Poole, N., and De Frece, A.},
	Year = {2010},
	Title = {A Review of Existing Organisational Forms of Smallholder Farmers’ Associations and their Contractual Relationships with other Market Participants in the East and Southern African ACP Region},
    Type = {},
    Institution = {Food and Agriculture Organization of the United Nations},
    Number = {},
	Pages = {}
    }
@report{rondot-collion01,
	Author = {Rondot, P. and Collion, M-H.},
	Year = {2001},
	Title = {Agricultural Producer Organizations, Their Contribution to Rural Capacity Building and Poverty Reduction},
    Type = {},
    Institution = {The World Bank, Washington D.C.},
    Number = {},
	Pages = {}
    }    
@article{rosenbaum.08,
	Author = {Rosenbaum, P.},
	Year = {2008},
	Title = {Testing Hypotheses in Order},
    Journal = {Biometrika},
    Volume = {95},
    Number = {1},
	Pages = {248-252}
    }
@article{saito-et.al.15,
	Author = {Saito, K. and S. Daick, and I. Dieng, and K. N'Diaye},
	Year = {2015},
	Title = {On-farm Testing of a Nutrient Management Decision-Support Tool for Rice in the Senegal River Valley},
    Journal = {Computers and Electronics in Agriculture},
    Volume = {116},
    Number = {},
	Pages = {36-44}
    }    
@report{Shaha-et.al.12,
	Author = {Shaha, B., and Guatam, K., and Paudel, K.},
	Year = {2012},
	Title = {A Study on Goat Value Chain in Nepal},
    Type = {},
    Institution = {Heifer International Nepal},
    Number = {},
	Pages = {}
    }
@article{shimamoto-et.al.15,
	Author = {Shimamoto, D. and H. Yamada and M. Gummert},
	Year = {2015},
	Title = {Mobile Phones and Market Information: Evidence from Rural Cambodia},
    Journal = {Food Policy},
    Volume = {57},
    Number = {1},
	Pages = {135-141}
    }
@article{staal-et.al.97,
	Author = {Staal, S. and C. Delgado and C. Nicholson},
	Year = {1997},
	Title = {Smallholder Dairying Under Transactions Costs in East Africa},
    Journal = {World Development},
    Volume = {25},
    Number = {5},
	Pages = {779-794}
    }
@article{suri11,
	Author = {Suri, T.},
	Year = {2011},
	Title = {Selection and Comparative Advantage in Technology Adoption},
    Journal = {Econometrica},
    Volume = {79},
    Number = {1},
	Pages = {159-209}
    }    
@article{tadesse-bahiigwa15,
	Author = {Tadesse, G. and G. Bahiigwa},
	Year = {2015},
	Title = {Mobile Phones and Farmers’ Marketing Decisions in Ethiopia},
    Journal = {World Development},
    Volume = {68},
    Number = {},
	Pages = {296-307}
    }    
@report{WDR07,
	Author = "{World Development Report (WDR)}",
    Shortauthor = {WDR},
	Year = {2007},
	Title = {Agriculture for Development},
    Type = {},
    Institution = {The International Bank for Reconstruction and Development / The World Bank, Washington D.C.},
    Number = {},
	Pages = {}
    }
@article{weld-et.al.18,
	Author = {Weld, G., and T. Perrier, and J. Aker, and J. Blummenstock, and B. Dillon, and A. Kamanzi, and E. Kokushubira, and J. Webster, and R. Anderson},
	Year = {2018},
	Title = {eKichabi: Information Access through Basic Mobile Phones in Rural Tanzania},
    Journal = {Proceedings of the 2018 CHI Conference on Human Factors in Computing Systems},
    Volume = {},
    Number = {},
	Pages = {}
    }  
@article{wollni-zeller07,
	Author = {Wollni, M. and M. Zeller},
	Year = {2007},
	Title = {Do Farmers Benefit from Participating in Specialty Markets and Cooperatives? The Case of Coffee Marketing in Costa Rica},
    Journal = {Agricultural Economics},
    Volume = {37},
    Number = {},
	Pages = {243-248}
    }        
@report{worldbank03,
	Author = "{World Bank}",
	Year = {2003},
	Title = {Reaching the Rural Poor: A Renewed Strategy for Rural Development},
    Type = {},
    Institution = {World Bank, Washington D.C.},
    Number = {},
	Pages = {}
    }
@report{worldbank08,
	Author = "{World Bank}",
	Year = {2008},
	Title = {World Development Report 2008: Agriculture for Development},
    Type = {},
    Institution = {World Bank, Washington D.C.},
    Number = {},
	Pages = {}
    }
@report{worldbank16,
	Author = "{World Bank}",
	Year = {2016},
	Title = {World Development Report 2016: Digital Dividends},
    Type = {},
    Institution = {World Bank, Washington D.C.},
    Number = {},
	Pages = {}
    }
@article{upreti09,
	Author = {Upreti, C.},
	Year = {2009},
	Title = {Food Security Contribution and Vision of Sustainable Goat Production in Nepal},
    Journal = {Proceedings of the Third SAS-N Convention},
    Volume = {Kathmandu: Nepal Agricutural Research Council and Society of Agricultural Scientists, Nepal},
    Number = {},
	Pages = {}
    }
@article{young16,
	Author = {Young, A.},
	Year = {2016},
	Title = {Improved, Nearly Exact, Statistical Inference with Robust and Clustered Covari- ance Matrices using Effective Degrees of Freedom Corrections},
    Journal = {Unpublished},
    Volume = {},
    Number = {},
	Pages = {}
    }
